<?xml version="1.0" encoding="UTF-8"?><record xmlns="http://www.loc.gov/MARC21/slim" xmlns:cinclude="http://apache.org/cocoon/include/1.0" xmlns:zs="http://www.loc.gov/zing/srw/">
  <leader>00566cz  a2200133n  4500</leader>
  <controlfield tag="001">n  93001539 </controlfield>
  <controlfield tag="003">DLC</controlfield>
  <controlfield tag="005">19960208123842.5</controlfield>
  <controlfield tag="008">930108n| acannaab|          |n aaa |||  </controlfield>
  <datafield tag="010" ind1=" " ind2=" ">
    <subfield code="a">n  93001539 </subfield>
  </datafield>
  <datafield tag="040" ind1=" " ind2=" ">
    <subfield code="a">DLC</subfield>
    <subfield code="c">DLC</subfield>
    <subfield code="d">DLC</subfield>
  </datafield>
  <datafield tag="100" ind1="1" ind2="0">
    <subfield code="a">Proudfoot, Anna</subfield>
  </datafield>
  <datafield tag="670" ind1=" " ind2=" ">
    <subfield code="a">Her Italian grammar, 1992:</subfield>
    <subfield code="b">t.p. (Anna Proudfoot) t.p. verso (b. Scotland; lecturer in Italian at Oxford Polytechnic)</subfield>
  </datafield>
  <datafield tag="670" ind1=" " ind2=" ">
    <subfield code="a">Modern Italian grammar, 1996:</subfield>
    <subfield code="b">CIP t.p. (Anna Proudfoot) CIP data sheet (Proudfoot, Anna Semple; b. 10/14/1951) CIP front matter (head of Italian at Oxford Brookes University)</subfield>
  </datafield>
</record>